<?xml version="1.0" encoding="UTF-8"?><collection><record><leader>07905ntm a2200577 a 4500</leader><controlfield tag="001">006782434</controlfield><controlfield tag="003">MiAaHDL</controlfield><controlfield tag="005">20190719000000.0</controlfield><controlfield tag="006">m        d        </controlfield><controlfield tag="007">cr bn ---auaua</controlfield><controlfield tag="008">090519s1368    xx            00| ||ara d</controlfield><datafield tag="035" ind1=" " ind2=" "><subfield code="a">(MiU)006782434</subfield></datafield><datafield tag="035" ind1=" " ind2=" "><subfield code="a">sdr-miu006782434</subfield></datafield><datafield tag="040" ind1=" " ind2=" "><subfield code="a">MiU</subfield><subfield code="c">MiU</subfield><subfield code="e">amremm</subfield></datafield><datafield tag="043" ind1=" " ind2=" "><subfield code="a">n-us-mi</subfield></datafield><datafield tag="100" ind1="0" ind2=" "><subfield code="6">880-01</subfield><subfield code="a">Nawawī,</subfield><subfield code="d">1233-1277.</subfield></datafield><datafield tag="240" ind1="1" ind2="0"><subfield code="6">880-02</subfield><subfield code="a">Adhkār</subfield></datafield><datafield tag="245" ind1="1" ind2="0"><subfield code="6">880-03</subfield><subfield code="a">Kitāb Ḥilyat al-abrār wa-shiʻār al-akhyār fī al-ḥadīth,</subfield><subfield code="f">[769, i.e. 1368].</subfield></datafield><datafield tag="246" ind1="3" ind2=" "><subfield code="6">880-04</subfield><subfield code="i">Title from table of contents page (fol.2b):</subfield><subfield code="a">Ḥilyat al-abrār wa-shiʻār al-akhbār fī al-akhyār fī talkhīṣ al-daʻwāt wa-al-adhkār al-mustaḥabbah fī al-layl wa-al-nahār</subfield></datafield><datafield tag="260" ind1=" " ind2=" "><subfield code="c">[1368].</subfield></datafield><datafield tag="300" ind1=" " ind2=" "><subfield code="a">153 leaves :</subfield><subfield code="b">paper ;</subfield><subfield code="c">233 x 155 (180 x 113) mm. bound to 240 x 160 mm.</subfield></datafield><datafield tag="500" ind1=" " ind2=" "><subfield code="a">Shelfmark: Ann Arbor, University of Michigan, Special Collections Library, Isl. Ms. 531</subfield></datafield><datafield tag="500" ind1=" " ind2=" "><subfield code="a">Origin: Composition finished ("faraghtu min jamʻih") in Muḥarram 667 [September 1268]. As appears in colophon on fol.153b, copying finished ("tamma al-kitāb...ʻalá yad") by ʻAbd al-Raḥīm ibn ʻAbd al-Karīm ibn Naṣr Allāh al-Jurmī Muḥtadā al-Shīrāzī, on the evening of Friday, the 21st of the month of repentance (shahr al-tawbah) [Ramaḍān], 769 [ca. 10 May 1368].</subfield></datafield><datafield tag="500" ind1=" " ind2=" "><subfield code="a">Accompanying materials: a. Inventory cataloguing slip in hand of Winifred Smeaton Thomas. -- b. Acquisitions slip from Yahuda -- c. Note in unidentified hand "[...]69 H [...] H/1368 second copy (there are two copies of this ms.)."</subfield></datafield><datafield tag="500" ind1=" " ind2=" "><subfield code="a">Binding: Pasteboards faced in pink coated paper with brown leather over spine (quarter binding) ; Western style binding (though with tight back) ; upper and lower covers carry gold foil stamped floral design ; at some stage sewn over three recessed cords ; stuck on endbands in red and white stripe ; obviously modern binding, not original, separating from text block at spine, revealing a great deal of adhesive.</subfield></datafield><datafield tag="500" ind1=" " ind2=" "><subfield code="a">Support: non-European laid paper with roughly 8-9 laid lines per cm. (horizontal, more distinct in some areas) and no chain lines distinctly visible, somewhat cloudy formation, quite sturdy, beige to light brown in color, well-burnished ; added title page on a machine laid paper.</subfield></datafield><datafield tag="500" ind1=" " ind2=" "><subfield code="a">Decoration: Section headings and words introducing quotes rubricated ; other words rubricated and overlined for emphasis ; three dots in red to mark text divisions.</subfield></datafield><datafield tag="500" ind1=" " ind2=" "><subfield code="a">Script: Naskh ; elegant Persianate hand in a narrow line ; partially seriffed with sharp leftward serifs on many ascenders (even free-standing alif), curvilinear descenders, pointing in distinct dots (two dots occasionally oriented vertically), final kāf often appearing with shaqq, some sweeping descenders ; from fol.107a, ink changes from brown to black, line much thinner with hand slightly smaller though quite similar ; occasionally vocalized.</subfield></datafield><datafield tag="500" ind1=" " ind2=" "><subfield code="a">Layout: Written in 27 lines per page.</subfield></datafield><datafield tag="500" ind1=" " ind2=" "><subfield code="a">Collation: i, I+1 (3), II+1 (8), III (14), VII (28), III (34), VI (46),10 V (146), V-3 (153), i ; chiefly quinions ; middle-of-the-quire marks appear in the form of oblique strokes in the upper corners of the right-hand leaves at the center of each quire ; catchwords present ; pagination added later in pencil, Western numerals.</subfield></datafield><datafield tag="500" ind1=" " ind2=" "><subfield code="a">Colophon: "Scribal", rectangular, reads: "تم الكتاب بعون الله تعالى وحسن توفيقه على يد العبد الضعيف المذنب المقصر اقل عباد الله تعالى واحوجهم الى رحمته عبد الرحيم بن عبد الكريم بن نصرالله الجرمي محتدا الشيرازي مولدا ومنشأ اصلح الله احواله في الدارين وغفر له ولوالديه ولاحبائه وسائر من احسن اليهم وجميع المسلمين انه هو الغفور الرحيم في ليلة الجمعة الحادي والعشرين من شهر التوبة سنة تسع وستين وسبعمائة والحمد لله رب العالمين اكمل الحمد على كل حال والصلوة والسلام على خير خلقه محمد واله واصحابه خير صحب وال"</subfield></datafield><datafield tag="500" ind1=" " ind2=" "><subfield code="a">Explicit: "هذا اخرما قصدته من هذا الكتاب وقد من الله الكريم فيه بما هوله اهل من الفوائد النفيسة والدقائق اللطيفة من نواع العلوم ومهماتها ومستحدات الحقائق ومطلوبها...اخر الكتاب قال مصنفه الشيخ الامام العالم الفاضل ابو زكريا محيي بن شرف النواوي رضي الله عنه فرغت من جمعه في المحرم سنة سبع وستين وستمائة سوى احرف الحقتها بعد ذلك واجزت روايته لجميع المسلمين"</subfield></datafield><datafield tag="500" ind1=" " ind2=" "><subfield code="a">Incipit: "الحمد لله الواحد القهار العزيز الغفار مقدر الاقدار مصرف الامور مكور الليل على النهار تبصره لاولي [?] القلوب والابصار الذي ايقظ من خلقه من اصطفاه فادخله في جملة الاخيار...اما بعد فقد قال الله العظيم العزيز الحكيم فاذكروني اذكركم..."</subfield></datafield><datafield tag="500" ind1=" " ind2=" "><subfield code="a">Title from added title page (fol.1a).</subfield></datafield><datafield tag="500" ind1=" " ind2=" "><subfield code="a">Ms. codex.</subfield></datafield><datafield tag="510" ind1="4" ind2=" "><subfield code="a">Hajji Khalifah. Kashf al-ẓunūn,</subfield><subfield code="c">iii 109, no.4620</subfield></datafield><datafield tag="510" ind1="4" ind2=" "><subfield code="a">Brockelmann, C. GAL,</subfield><subfield code="c">I, 397, XIX</subfield></datafield><datafield tag="520" ind1="8" ind2=" "><subfield code="a">Also known as Kitāb al-Adhkār, on prayers for day and night handed down by tradition, in 361 bābs or chapters. A lengthy table of contents precedes the work, and many reading notes and marginal comments are found throughout.</subfield></datafield><datafield tag="538" ind1=" " ind2=" "><subfield code="a">Mode of access: Internet.</subfield></datafield><datafield tag="541" ind1=" " ind2=" "><subfield code="a">Acquired in 1926 from the bookseller Isaac Benjamin S.E. Yahuda via purchase transacted on his behalf by Abraham Shalom Yahuda (1877-1951), his younger brother.</subfield></datafield><datafield tag="546" ind1=" " ind2=" "><subfield code="a">Arabic.</subfield></datafield><datafield tag="561" ind1=" " ind2=" "><subfield code="a">A multitude of collation statments signed Nūr Shihāb al-Dīn [?] indicating that Mawlānā Shams al-Dīn completed the collation with him via reading / recitation, statement reads "بلغ مولانا شمس الدين قرأة علي كتبه الفقير نور شهاب الدين ... [?]" appears every few leaves in the margins throughout (e.g. fol. 13b, 25a, 36b, 38b, 40 b, 98b, 100b, etc.) though only twice after change of ink / line (fol. 107a, 108b) ; a statement on the added title page further references the collation by Mawlānā Shams al-Dīn "تنبيه: هذا النسخة الشريفة كتب في عصر المؤلف وقرء عليه مولانا شمس الدين وصححه وقابله" ; an interesting scribal note to test the red ink (probatio pennae or "pen trial") found on fol. 77a "تجرب القلم بالمركب الاحمر."</subfield></datafield><datafield tag="650" ind1=" " ind2="0"><subfield code="a">Manuscripts, Arabic</subfield><subfield code="z">Michigan</subfield><subfield code="z">Ann Arbor.</subfield></datafield><datafield tag="650" ind1=" " ind2="0"><subfield code="a">Hadith</subfield><subfield code="x">Criticism, interpretation, etc.</subfield><subfield code="v">Early works to 1800.</subfield></datafield><datafield tag="650" ind1=" " ind2="0"><subfield code="a">Islam</subfield><subfield code="v">Prayers and devotions</subfield><subfield code="v">Early works to 1800.</subfield></datafield><datafield tag="700" ind1="0" ind2=" "><subfield code="6">880-06</subfield><subfield code="a">Mawlānā Shams al-Dīn,</subfield><subfield code="e">collator.</subfield></datafield><datafield tag="700" ind1="0" ind2=" "><subfield code="6">880-05</subfield><subfield code="a">ʻAbd al-Raḥmān ibn ʻAbd al-Karīm ibn Naṣr Allāh al-Jurmī Muḥtadā al-Shīrāzī,</subfield><subfield code="e">scribe.</subfield></datafield><datafield tag="773" ind1="0" ind2=" "><subfield code="a">Yahuda Collection.</subfield></datafield><datafield tag="880" ind1="0" ind2=" "><subfield code="6">700-06/</subfield><subfield code="a">مولانا شمس الدين,</subfield><subfield code="e">مقابل.</subfield></datafield><datafield tag="880" ind1="0" ind2=" "><subfield code="6">700-05/</subfield><subfield code="a">عبد الرحيم بن عبد الكريم بن نصر الله الجرمي محتدا الشيرازي،</subfield><subfield code="e">ناسخ.</subfield></datafield><datafield tag="880" ind1="3" ind2=" "><subfield code="6">246-04/</subfield><subfield code="a">حلية الابرار وشعار الاخبار في الاخيار في تلخيص الدعوات والاذكار المستحبة في الليل والنهار</subfield></datafield><datafield tag="880" ind1="1" ind2="0"><subfield code="6">245-03/</subfield><subfield code="a">كتاب حلية الابرار وشعار الاخيار في الحديث,</subfield><subfield code="f">[769ه, 1368م].</subfield></datafield><datafield tag="880" ind1="1" ind2="0"><subfield code="6">240-02/</subfield><subfield code="a">اذكار</subfield></datafield><datafield tag="880" ind1="0" ind2=" "><subfield code="6">100-01/</subfield><subfield code="a">نووي،</subfield><subfield code="d">1233-1277.</subfield></datafield><datafield tag="CID" ind1=" " ind2=" "><subfield code="a">006782434</subfield></datafield><datafield tag="DAT" ind1="0" ind2=" "><subfield code="a">20190719102635.0</subfield><subfield code="b">20190719000000.0</subfield></datafield><datafield tag="DAT" ind1="1" ind2=" "><subfield code="a">20190719090653.0</subfield><subfield code="b">2019-07-19T16:11:26Z</subfield></datafield><datafield tag="DAT" ind1="2" ind2=" "><subfield code="a">2015-10-02T18:00:03Z</subfield></datafield><datafield tag="CAT" ind1=" " ind2=" "><subfield code="a">SDR-MIU</subfield><subfield code="d">EX LIBRIS - ALEPH</subfield><subfield code="l">prepare.pl-004-008</subfield></datafield><datafield tag="FMT" ind1=" " ind2=" "><subfield code="a">BK</subfield></datafield><datafield tag="HOL" ind1=" " ind2=" "><subfield code="0">sdr-miu006782434</subfield><subfield code="a">MiU</subfield><subfield code="b">SDR</subfield><subfield code="c">MIU</subfield><subfield code="p">mdp.39015079126440</subfield><subfield code="s">MIU</subfield><subfield code="1">006782434</subfield></datafield><datafield tag="974" ind1=" " ind2=" "><subfield code="b">MIU</subfield><subfield code="c">MIU</subfield><subfield code="d">20190719</subfield><subfield code="s">lit-dlps-dc</subfield><subfield code="u">mdp.39015079126440</subfield><subfield code="y">1368</subfield><subfield code="r">pd</subfield><subfield code="q">bib</subfield><subfield code="t">non-US bib date1 &lt; 1896</subfield></datafield></record></collection>